@Conference{AR00,
    author    = "Abadi,Martin and Rogaway,Phillip",
    title     = "Reconciling two views of cryptography (the computational soundness of formal encryption)",
    page = "3-22",
    year = "2000",
    volume="1872 of LNCS",
    eventtitle="Proc. 1st IFIP International Conference on Theoretical Computer Science (IFIP–TCS’00)"
}

@Conference{AG97,
author = {Abadi, Martıin and Gordon, Andy},
title = {A Calculus for Cryptographic Protocols: The Spi Calculus},
eventtitle = {CCS’97: Proceedings of the 4th ACM Conference on Computer and Communications Security},
year = {1997},
pages           = {36-47},
}

@Article{CSW11,
  author          = {Cortier, Véronique and Kremer, Steve and Warinschi, Bogdan},
  title           = {A Survey of Symbolic Methods in Computational Analysis of Cryptographic Systems},
  journal         = {Journal of Automated Reasoning},
  volume          = {46},
  pages           = {225-259},
  url             = {https://doi.org/10.1007/s10817-010-9187-9},
  year            = {2011}
}

@Article{DY83,  
  author={D. {Dolev} and A. {Yao}},  
  journal={IEEE Transactions on Information Theory},   
  title={On the security of public key protocols},   
  year={1983},  
  volume={29},  
  number={2},  
  pages={198-208},  
  doi={10.1109/TIT.1983.1056650}
  }

  @Article{SC14,
  title={The CIA Strikes Back: Redefining Confidentiality, Integrity and Availability in Security},
  author={Samonas, Spyridon and Coss, David},
  year={2014},
  journal={Journal of Information System Security},
  volume          = {10.3}
  }

  @Article{AF16,
  author    = {Abadi, Martin and Blanchet, Bruno and Fournet,Cedric},
  title     = {The Applied Pi Calculus: Mobile Values, New Names, and Secure Communication},
  journal   = {CoRR},
  volume    = {abs/1609.03003},
  year      = {2016},
  url       = {http://arxiv.org/abs/1609.03003},
  archivePrefix = {arXiv},
  eprint    = {1609.03003},
  }

@Article{RVV17,
  author    = {Rocchetto, Marco and Vigan\'o, Luca and Volpe,Marco},
  title     = {An interpolation-based method for the verification of security protocols},
  journal   = {Journal of Computer Security},
  volume    = {25},
  number    = {3},
  year      = {2017},
  pages     = {1-48},
  doi       = {10.3233/JCS-16832}
  }

@article{NS78,
  title={Using encryption for authentication in large networks of computers},
  author={Needham, Roger and Schroeder, Mike},
  journal={Commun. ACM},
  year={1978},
  volume={21},
  pages={993-999}
}

@techreport{RFC5227,
  author = {S. Cheshire},
  title = {IPv4 Address Conflict Detection},
  howpublished = {Internet Requests for Comments},
  type = {RFC},
  number = {5227},
  year = {2008},
  month = {July},
  issn = {2070-1721},
  publisher = {RFC Editor},
  institution = {RFC Editor},
  url = {http://www.rfc-editor.org/rfc/rfc5227.txt},
  note = {\url{http://www.rfc-editor.org/rfc/rfc5227.txt}},
}

@techreport{RFC0826,
  author = {David C. Plummer},
  title = {Ethernet Address Resolution Protocol: Or converting network protocol addresses to 48.bit Ethernet address for transmission on Ethernet hardware},
  howpublished = {Internet Requests for Comments},
  type = {STD},
  number = {37},
  year = {1982},
  month = {November},
  issn = {2070-1721},
  publisher = {RFC Editor},
  institution = {RFC Editor},
  url = {http://www.rfc-editor.org/rfc/rfc826.txt},
  note = {\url{http://www.rfc-editor.org/rfc/rfc826.txt}},
}

@article{RSA78,
  added-at = {2018-11-14T00:00:00.000+0100},
  author = {Rivest, Ronald L. and Shamir, Adi and Adleman, Leonard M.},
  biburl = {https://www.bibsonomy.org/bibtex/2dc77f98a96af657a3c2cdfe1496b94f9/dblp},
  ee = {https://www.wikidata.org/entity/Q27177229},
  interhash = {b71bba0cd7aaaf657c4cede265aa5dec},
  intrahash = {dc77f98a96af657a3c2cdfe1496b94f9},
  journal = {Commun. ACM},
  keywords = {dblp},
  number = 2,
  pages = {120-126},
  timestamp = {2018-11-15T12:17:52.000+0100},
  title = {A Method for Obtaining Digital Signatures and Public-Key Cryptosystems.},
  url = {http://dblp.uni-trier.de/db/journals/cacm/cacm21.html#RivestSA78},
  volume = 21,
  year = 1978
}

